@book{Glassner:1999:AGN:318952,
 author = {Glassner, Andrew},
 title = {Andrew Glassner's Notebook: Recreational Computer Graphics},
 year = {1999},
 isbn = {1-55860-598-3},
 publisher = {Morgan Kaufmann Publishers Inc.},
 address = {San Francisco, CA, USA},
}

@ARTICLE{Schlick94aninexpensive,
    author = {Christophe Schlick},
    title = {An Inexpensive BRDF Model for Physically-based Rendering},
    journal = {Computer Graphics Forum},
    year = {1994},
    volume = {13},
    pages = {233--246}
}
